@article{bavaghar_2016, title={Deforestation modelling using logistic regression and GIS}, volume={61}, DOI={10.17221/78/2014-jfs}, number={No. 5}, journal={Journal of Forest Science}, author={Bavaghar, M. Pir}, year={2016}, month={Mar}, pages={193–199}} 

@article{peng_liang_choi_2013, title={Evaluating parallel logistic regression models}, DOI={10.1109/bigdata.2013.6691743}, journal={2013 IEEE International Conference on Big Data}, author={Peng, Haoruo and Liang, Ding and Choi, Cyrus}, year={2013}} 

@article{peretti_amenta_2016, title={Breast Cancer Prediction by Logistic Regression with CUDA Parallel Programming Support}, volume={01}, DOI={10.4172/2572-4118.1000111}, number={03}, journal={Breast Cancer: Current Research}, author={Peretti, Alessandro and Amenta, Francesco}, year={2016}} 

@article{salame_queiroz_rocha_amin_rocha_2016, title={Use of spatial regression models in the analysis of burnings and deforestation occurrences in forest region, Amazon, Brazil}, volume={75}, DOI={10.1007/s12665-015-4865-x}, number={3}, journal={Environmental Earth Sciences}, author={Salame, Camil Wadih and Queiroz, Joaquim Carlos Barbosa and Rocha, Gilberto De Miranda and Amin, Mario Miguel and Rocha, Edson Paulino Da}, year={2016}} 

@article{singh_kubica_larsen_sorokina_2009, title={Parallel Large Scale Feature Selection for Logistic Regression}, DOI={10.1137/1.9781611972795.100}, journal={Proceedings of the 2009 SIAM International Conference on Data Mining}, author={Singh, Sameer and Kubica, Jeremy and Larsen, Scott and Sorokina, Daria}, year={2009}, pages={1172–1183}}

@article{sperandei_2014, title={Understanding logistic regression analysis}, DOI={10.11613/bm.2014.003}, journal={Biochemia Medica}, author={Sperandei, Sandro}, year={2014}, pages={12–18}} 

@article{van_azomahou_2007, title={Nonlinearities and heterogeneity in environmental quality: An empirical analysis of deforestation}, volume={84}, DOI={10.1016/j.jdeveco.2005.10.004}, number={1}, journal={Journal of Development Economics}, author={Van, Phu Nguyen and Azomahou, Théophile}, year={2007}, pages={291–309}}